%% biblatex bibliography
@PhdThesis{Houllier-thesis,
  author = {Thomas, Houllier},
  school = {Univ Jean Monnet -- Saint-Etienne},
  title  = {Freeform imaging optical systems},
  year   = {2021},
  month  = mar,
  type   = {phdthesis},
  doi    = {http://dx.doi.org/10.13140/RG.2.2.12722.27841}}

@misc{mathworld:direction-cosine,
  author = {Weisstein, Eric W.},
  title = {Direction cosine},
  url = {https://mathworld.wolfram.com/DirectionCosine.html},
  note = {From MathWorld--A Wolfram Web Resource. [Online; accessed
          22-Sep-2022]}}

@misc{mathworld:normal-vector,
  author = {Weisstein, Eric W.},
  title = {Normal vector},
  url = {https://mathworld.wolfram.com/NormalVector.html},
  note = {From MathWorld--A Wolfram Web Resource. [Online; accessed
          15-Oct-2022]}}
